%% This BibTeX bibliography file was created using BibDesk.
%% http://bibdesk.sourceforge.net/


%% Created for Jules Testard at 2016-04-04 20:55:27 -0700 


%% Saved with string encoding Unicode (UTF-8) 



@conference{may:2003aa,
	Author = {May, Norman and Helmer, Sven and Moerkotte, Guido},
	Booktitle = {Database and XML Technologies},
	Date-Added = {2016-03-13 02:35:19 +0000},
	Date-Modified = {2016-03-13 02:36:27 +0000},
	Title = {Three Cases for Query Decorrelation in XQuery},
	Year = {2003}}

@conference{ghazal:2013aa,
	Author = {Ghazal, Ahmad and Rabl, Tillman and Hu, Minqing and Raab, Francois},
	Booktitle = {SIGMOD},
	Date-Added = {2016-03-13 01:44:05 +0000},
	Date-Modified = {2016-03-13 01:49:56 +0000},
	Title = {BigBench: Towards an Industry Standard Benchmark for Big Data Analytics},
	Year = {2013}}

@conference{galindo-legaria:2001aa,
	Author = {May, Norman and Helmer, Sven and Moerkotte, Guido},
	Booktitle = {SIGMOD},
	Date-Added = {2016-02-18 19:08:00 +0000},
	Date-Modified = {2016-03-13 02:35:10 +0000},
	Title = {Orthogonal Optimization of Subqueries and Aggregation},
	Year = {2001}}

@book{Garcia-Molina:2008:DSC:1450931,
	Address = {Upper Saddle River, NJ, USA},
	Author = {Garcia-Molina, Hector and Ullman, Jeffrey D. and Widom, Jennifer},
	Edition = {2},
	Isbn = {9780131873254},
	Publisher = {Prentice Hall Press},
	Title = {Database Systems: The Complete Book},
	Year = {2008}}

@article{fu:2013aa,
	Author = {Fu,Yupeng and Ong, Kian Win and Papakonstantinou, Yannis},
	Date-Added = {2016-01-26 00:51:15 +0000},
	Date-Modified = {2016-01-26 00:52:41 +0000},
	Journal = {Database Programming Languages (DBPL)},
	Title = {Declarative Ajax Web Applications through SQL++ on a Unified Application State},
	Year = {2013}}

@techreport{ong:2014aa,
	Author = {Ong, Kian Win and Papakonstantinou, Yannis and Vernoux, Romain},
	Date-Added = {2016-01-18 22:27:54 +0000},
	Date-Modified = {2016-01-18 22:28:27 +0000},
	Institution = {UCSD},
	Title = {The SQL++ Query Language: Configurable, Unifying and Semi-structured},
	Year = {2014}}

@misc{informaticaBDE,
	Date-Added = {2016-01-18 21:37:27 +0000},
	Date-Modified = {2016-01-18 21:38:51 +0000},
	Howpublished = {\url{https://www.informatica.com/products/big-data/big-data-edition.html}},
	Title = {Informatica Big Data Management Editions}}

@misc{asay:2015,
author={Asay, Matt},
title={NoSQL Databases Eat Into the Database Market},
url={http://www.techrepublic.com/article/nosql-databases-eat-into-the-relational-database-market/},
urldate={2016-4-5},
journal={Tech Republic},
year={2015}
}
%% This BibTeX bibliography file was created using BibDesk.
%% http://bibdesk.sourceforge.net/


%% Created for Jules Testard at 2015-12-23 11:08:34 -0800 


%% Saved with string encoding Unicode (UTF-8) 



@techreport{wen:2013aa,
	Author = {Wen, Jian and  Borkar, Vinayak and Carey, Michael and Tsotras, Vassilis},
	Date-Added = {2015-12-23 19:05:36 +0000},
	Date-Modified = {2015-12-23 19:08:34 +0000},
	Institution = {UCI and UCR},
	Title = {Revisiting Aggregation for Data Intensive Applications},
	Year = {2013}}

@misc{rewrittenplan,
	Author = {Jules Testard},
	Date-Added = {2015-12-14 19:37:24 +0000},
	Date-Modified = {2015-12-15 04:46:51 +0000},
	Howpublished = {{\url{https://docs.google.com/drawings/d/19PR9laYLsohdXZmeT564LzP6AE_KJaWoqrDLLbMx0c8/edit?usp=sharing}}},
	Title = {Plan Rewritten using Asterix Algebra}}

@techreport{kian-win-ong:2014ab,
	Author = {Kian Win Ong, Yannis Papakonstantinou, Romain Vernoux},
	Date-Added = {2015-12-14 19:00:48 +0000},
	Date-Modified = {2015-12-14 19:01:29 +0000},
	Institution = {UCSD},
	Title = {The SQL++ Query Language: Configurable, Unifying and Semi-structured},
	Year = {2014}}

@article{fu:2014aa,
	Author = {Yupeng Fu and Kian Win Ong and Yannis Papakonstantinou},
	Date-Added = {2015-12-11 22:21:30 +0000},
	Date-Modified = {2015-12-11 22:31:38 +0000},
	Journal = {DBPL},
	Title = {Declarative Ajax Web Applications through SQL++ on a Unified Application State},
	Year = {2014}}

@techreport{kian-win-ong:2014aa,
	Author = {Kian Win Ong, Yannis Papakonstantinou, Romain Vernoux},
	Date-Added = {2015-12-11 20:39:14 +0000},
	Date-Modified = {2015-12-11 20:40:04 +0000},
	Institution = {UCSD},
	Title = {The SQL++ Query Language: Configurable, Unifying and Semi-structured},
	Year = {2014}}

@inbook{CompleteBookChapter,
	Author = {Hector Garcia-Molina and Jeffrey D. Ullman and Jennifer Widom},
	Chapter = {5},
	Isbn = {0-13-187325-3},
	Pages = {205-241},
	Publisher = {Prentice-Hall},
	Title = {Database Systems: The Complete Book},
	Year = {2009}}

@book{ozsu2011principles,
	Author = {{\"O}zsu, M.T. and Valduriez, P.},
	Publisher = {Springer},
	Title = {Principles of distributed database systems},
	Year = {2011}}

@book{ceri1984distributed,
	Author = {Ceri, S. and Pelagatti, G.},
	Publisher = {McGraw-Hill},
	Title = {Distributed databases: principles and systems},
	Volume = {14},
	Year = {1984}}

@article{wong1976decomposition,
	Author = {Wong, Eugene and Youssefi, Karel},
	Journal = {ACM Transactions on Database Systems (TODS)},
	Number = {3},
	Pages = {223--241},
	Publisher = {ACM},
	Title = {Decomposition---a strategy for query processing},
	Volume = {1},
	Year = {1976}}

@article{steinbrunn1997heuristic,
	Author = {Steinbrunn, Michael and Moerkotte, Guido and Kemper, Alfons},
	Journal = {The VLDB Journal---The International Journal on Very Large Data Bases},
	Number = {3},
	Pages = {191--208},
	Publisher = {Springer-Verlag New York, Inc.},
	Title = {Heuristic and randomized optimization for the join ordering problem},
	Volume = {6},
	Year = {1997}}

@article{mok1996normal,
	Author = {Mok, Wai Yin and Ng, Yiu-Kai and Embley, David W},
	Journal = {ACM Transactions on Database Systems (TODS)},
	Number = {1},
	Pages = {77--106},
	Publisher = {ACM},
	Title = {A normal form for precisely characterizing redundancy in nested relations},
	Volume = {21},
	Year = {1996}}

@article{kim-tods-82,
	Author = {Won Kim},
	Bibsource = {DBLP, http://dblp.uni-trier.de},
	Journal = {ACM Trans. Database Syst.},
	Number = {3},
	Pages = {443-469},
	Title = {On Optimizing an {SQL}-like Nested Query},
	Volume = {7},
	Year = {1982}}

@article{valduriez-84,
	Author = {Valduriez, P. and Gardarin, G.},
	Journal = {ACM Transactions on Database Systems (TODS)},
	Number = {1},
	Pages = {133--161},
	Publisher = {ACM},
	Title = {Join and semijoin algorithms for a multiprocessor database machine},
	Volume = {9},
	Year = {1984}}

@inproceedings{abiteboul-sigmod-84,
	Author = {Abiteboul, S. and Bidoit, N.},
	Booktitle = {Proceedings of the 3rd ACM SIGACT-SIGMOD symposium on Principles of database systems},
	Organization = {ACM},
	Pages = {191--200},
	Title = {Non first normal form relations to represent hierarchically organized data},
	Year = {1984}}

@inproceedings{r*-vldb-86,
	Author = {Lothar F. Mackert and Guy M. Lohman},
	Bibsource = {DBLP, http://dblp.uni-trier.de},
	Booktitle = {VLDB},
	Ee = {db/conf/vldb/MackertL86.html},
	Pages = {149-159},
	Title = {R* Optimizer Validation and Performance Evaluation for Distributed Queries},
	Year = {1986}}

@inproceedings{ganski-sigmod-87,
	Author = {Richard A. Ganski and Harry K. T. Wong},
	Bibsource = {DBLP, http://dblp.uni-trier.de},
	Booktitle = {SIGMOD Conference},
	Ee = {http://doi.acm.org/10.1145/38713.38723, db/conf/sigmod/GanskiW87.html},
	Pages = {23-33},
	Title = {Optimization of Nested {SQL} Queries Revisited},
	Year = {1987}}

@inproceedings{dayal-vldb-87,
	Author = {Umeshwar Dayal},
	Bibsource = {DBLP, http://dblp.uni-trier.de},
	Booktitle = {VLDB},
	Ee = {db/conf/vldb/Dayal87.html},
	Pages = {197-208},
	Title = {Of Nests and Trees: A Unified Approach to Processing Queries That Contain Nested Subqueries, Aggregates, and Quantifiers},
	Year = {1987}}

@article{mvc-joop-88,
	Author = {Glenn E. Krasner and Stephen T. Pope},
	Journal = {Journal of Object-Oriented Programming},
	Month = aug,
	Number = 3,
	Pages = {26 - 49},
	Title = {A cookbook for using the model-view controller user interface paradigm in Smalltalk-80},
	Volume = 1,
	Year = 1988}

@article{nr-database-vldb-88,
	Author = {Mark A. Roth and Henry F. Korth and Abraham Silberschatz},
	Bibsource = {DBLP, http://dblp.uni-trier.de},
	Ee = {http://doi.acm.org/10.1145/49346.49347, db/journals/tods/RothKS88.html},
	Journal = {ACM Trans. Database Syst.},
	Number = {4},
	Pages = {389-417},
	Title = {Extended Algebra and Calculus for Nested Relational Databases},
	Volume = {13},
	Year = {1988}}

@inproceedings{oql-dbpl-89,
	Author = {Fran\c{c}ois Bancilhon and Sophie Cluet and Claude Delobel},
	Bibsource = {DBLP, http://dblp.uni-trier.de},
	Booktitle = {DBPL},
	Ee = {db/conf/dbpl/BancilhonCD89.html},
	Pages = {122-138},
	Title = {A Query Language for the {O}$_{\mbox{2}}$ Object-Oriented Database System},
	Year = {1989}}

@inproceedings{colby-sigmod-89,
	Author = {Colby, L.S.},
	Booktitle = {ACM SIGMOD Record},
	Organization = {ACM},
	Pages = {273--283},
	Title = {A recursive algebra and query optimization for nested relations},
	Volume = {18},
	Year = {1989}}

@incollection{badia2003computing,
	Author = {Badia, Antonio},
	Booktitle = {Data Warehousing and Knowledge Discovery},
	Pages = {391--400},
	Publisher = {Springer},
	Title = {Computing {SQL} queries with Boolean aggregates},
	Year = {2003}}

@inproceedings{muralikrishna1989optimization,
	Author = {Muralikrishna, M},
	Booktitle = {Proc. Int. Conf. on Very Large Data Bases (VLDB)},
	Title = {Optimization and dataflow algorithms for nested tree queries},
	Volume = {516},
	Year = {1989}}

@inproceedings{cao2005nested,
	Author = {Cao, Bin and Badia, Antonio},
	Booktitle = {Proceedings of the 2005 ACM SIGMOD international conference on Management of data},
	Organization = {ACM},
	Pages = {191--202},
	Title = {A nested relational approach to processing {SQL} subqueries},
	Year = {2005}}

@article{roussopoulos-91,
	Author = {Nick Roussopoulos and Hyunchul Kang},
	Bibsource = {DBLP, http://dblp.uni-trier.de},
	Ee = {http://doi.ieeecomputersociety.org/10.1109/69.109109},
	Journal = {IEEE Trans. Knowl. Data Eng.},
	Number = {4},
	Pages = {486-495},
	Title = {A Pipeline N-way Join Algorithm Based on the 2-way Semijoin Program},
	Volume = {3},
	Year = {1991}}

@article{levene-tods-93,
	Author = {Levene, M. and Loizou, G.},
	Journal = {ACM Transactions on Database Systems (TODS)},
	Number = {3},
	Pages = {414--459},
	Publisher = {ACM},
	Title = {Semantics for null extended nested relations},
	Volume = {18},
	Year = {1993}}

@inproceedings{oql_rewritings-dbpl-93,
	Author = {Sophie Cluet and Guido Moerkotte},
	Bibsource = {DBLP, http://dblp.uni-trier.de},
	Booktitle = {DBPL},
	Pages = {226-242},
	Title = {Nested Queries in Object Bases},
	Year = {1993}}

@inproceedings{push_groupBy-94,
	Author = {Yan, W.P. and Larson, P.A.},
	Booktitle = {Data Engineering, 1994. Proceedings. 10th International Conference},
	Organization = {IEEE},
	Pages = {89--100},
	Title = {Performing group-by before join [query processing]},
	Year = {1994}}

@inproceedings{cluet-bda-94,
	Author = {Sophie Cluet and Guido Moerkotte},
	Bibsource = {DBLP, http://dblp.uni-trier.de},
	Booktitle = {BDA},
	Title = {Classification And Optimization of Nested Queries in Object Bases},
	Year = {1994}}

@inproceedings{perfjoin-cikm-95,
	Author = {Zhe Li and Kenneth A. Ross},
	Bibsource = {DBLP, http://dblp.uni-trier.de},
	Booktitle = {CIKM},
	Ee = {db/conf/cikm/LiR95.html, http://doi.acm.org/10.1145/221270.221360},
	Pages = {137-144},
	Title = {PERF Join: An Alternative to Two-way Semijoin and Bloomjoin},
	Year = {1995}}

@inproceedings{seshadri-icde-96,
	Author = {Praveen Seshadri and Hamid Pirahesh and T. Y. Cliff Leung},
	Bibsource = {DBLP, http://dblp.uni-trier.de},
	Booktitle = {ICDE},
	Pages = {450-458},
	Title = {Complex Query Decorrelation},
	Year = {1996}}

@article{outerjoin-1997,
	Author = {Galindo-Legaria, C{\'e}sar and Rosenthal, Arnon},
	Journal = {ACM Transactions on Database Systems (TODS)},
	Number = {1},
	Pages = {43--74},
	Publisher = {ACM},
	Title = {Outerjoin simplification and reordering for query optimization},
	Volume = {22},
	Year = {1997}}

@article{lorel-1997,
	Author = {Abiteboul, Serge and Quass, Dallan and McHugh, Jason and Widom, Jennifer and Wiener, Janet L},
	Journal = {International journal on digital libraries},
	Number = {1},
	Pages = {68--88},
	Publisher = {Springer},
	Title = {The Lorel query language for semistructured data},
	Volume = {1},
	Year = {1997}}

@article{strudel-vldbj-00,
	Author = {Mary F. Fern{\'a}ndez and Daniela Florescu and Alon Y. Levy and Dan Suciu},
	Bibsource = {DBLP, http://dblp.uni-trier.de},
	Ee = {http://link.springer.de/link/service/journals/00778/bibs/0009001/00090038.htm},
	Journal = {VLDB J.},
	Number = {1},
	Pages = {38-55},
	Title = {Declarative Specification of Web Sites with {S}trudel},
	Volume = {9},
	Year = {2000}}

@article{webml-computer-networks-00,
	Author = {Stefano Ceri and Piero Fraternali and Aldo Bongio},
	Bibsource = {DBLP, http://dblp.uni-trier.de},
	Ee = {http://dx.doi.org/10.1016/S1389-1286(00)00040-2},
	Journal = {Computer Networks},
	Number = {1-6},
	Pages = {137-157},
	Title = {Web Modeling Language (WebML): a modeling language for designing Web sites},
	Volume = {33},
	Year = {2000}}

@article{cheung2012automatic,
	Author = {Cheung, Alvin and Madden, Samuel and Arden, Owen and Myers, Andrew C},
	Journal = {Proceedings of the VLDB Endowment},
	Number = {11},
	Pages = {1471--1482},
	Publisher = {VLDB Endowment},
	Title = {Automatic partitioning of database applications},
	Volume = {5},
	Year = {2012}}

@inproceedings{agrawal2004integrating,
	Author = {Agrawal, Sanjay and Narasayya, Vivek and Yang, Beverly},
	Booktitle = {Proceedings of the 2004 ACM SIGMOD international conference on Management of data},
	Organization = {ACM},
	Pages = {359--370},
	Title = {Integrating vertical and horizontal partitioning into automated physical database design},
	Year = {2004}}

@article{kossmann-journal-00,
	Author = {Donald Kossmann},
	Bibsource = {DBLP, http://dblp.uni-trier.de},
	Ee = {http://doi.acm.org/10.1145/371578.371598},
	Journal = {ACM Comput. Surv.},
	Number = {4},
	Pages = {422-469},
	Title = {The State of the art in distributed query processing},
	Volume = {32},
	Year = {2000}}

@inproceedings{galindo-legaria-sigmod-01,
	Author = {C{\'e}sar A. Galindo-Legaria and Milind Joshi},
	Bibsource = {DBLP, http://dblp.uni-trier.de},
	Booktitle = {SIGMOD Conference},
	Ee = {http://doi.acm.org/10.1145/375663.375748, http://www.acm.org/sigs/sigmod/sigmod01/eproceedings/papers/Industrial-Legaria-Joshi.pdf},
	Pages = {571-581},
	Title = {Orthogonal Optimization of Subqueries and Aggregation},
	Year = {2001}}

@inproceedings{semijoin_reducer-2001,
	Author = {Stocker, K. and Kossmann, D. and Braumandi, R. and Kemper, A.},
	Booktitle = {Data Engineering, 2001. Proceedings. 17th International Conference on},
	Organization = {IEEE},
	Pages = {575--584},
	Title = {Integrating semi-join-reducers into state-of-the-art query processors},
	Year = {2001}}

@inproceedings{silkroute-2001,
	Author = {Fernandez, Mary and Morishima, Atsuyuki and Suciu, Dan},
	Booktitle = {ACM SIGMOD Record},
	Organization = {ACM},
	Pages = {103--114},
	Title = {Efficient evaluation of {XML} middle-ware queries},
	Volume = {30},
	Year = {2001}}

@article{xperanto-2001,
	Author = {Shanmugasundaram, Jayavel and Shekita, Eugene and Barr, Rimon and Carey, Michael and Lindsay, Bruce and Pirahesh, Hamid and Reinwald, Berthold},
	Journal = {The VLDB Journal},
	Pages = {133--154},
	Publisher = {Springer},
	Title = {Efficiently publishing relational data as {XML} documents},
	Volume = {10},
	Year = {2001}}

@article{event-driven-programming-dr-dobbs-03,
	Author = {Samek Miro},
	Journal = {Dr. Dobb's},
	Title = {Who Moved My State?},
	Url = {http://www.drdobbs.com/184401643},
	Year = {2003},
	Bdsk-Url-1 = {http://www.drdobbs.com/184401643}}

@inproceedings{winmagic-sigmod-03,
	Author = {Calisto Zuzarte and Hamid Pirahesh and Wenbin Ma and Qi Cheng and Linqi Liu and Kwai Wong},
	Bibsource = {DBLP, http://dblp.uni-trier.de},
	Booktitle = {SIGMOD Conference},
	Ee = {http://doi.acm.org/10.1145/872757.872840},
	Pages = {652-656},
	Title = {WinMagic : Subquery Elimination Using Window Aggregation},
	Year = {2003}}

@inproceedings{akinde-icde-03,
	Author = {Michael O. Akinde and Michael H. B{\"o}hlen},
	Bibsource = {DBLP, http://dblp.uni-trier.de},
	Booktitle = {ICDE},
	Ee = {http://doi.ieeecomputersociety.org/10.1109/ICDE.2003.1260790},
	Pages = {163-174},
	Title = {Efficient Computation of Subqueries in Complex OLAP},
	Year = {2003}}

@book{sql2003-ansi-03,
	Author = {ANSI},
	Publisher = {American National Standards Institute},
	Title = {ISO/IEC 9075-1-2003: Information Technology --- Database Languages --- {SQL} --- Part 1: Framework ({SQL}/Framework)},
	Year = {2003}}

@misc{dom3-w3c-04,
	Author = {W3C},
	Note = {\url{http://www.w3.org/TR/2004/REC-DOM-Level-3-Core-20040407/}},
	Title = {Document Object Model (DOM) Level 3 Core Specification},
	Year = {2004}}

@inproceedings{xquery-relational-vldb-04,
	Author = {Torsten Grust and Sherif Sakr and Jens Teubner},
	Bibsource = {DBLP, http://dblp.uni-trier.de},
	Booktitle = {VLDB},
	Ee = {http://www.vldb.org/conf/2004/RS7P1.PDF},
	Pages = {252-263},
	Title = {{X}Query on {SQL} Hosts},
	Year = {2004}}

@misc{ajax-adaptive-path-05,
	Author = {Jesse James Garrett},
	Howpublished = {\url{http://adaptivepath.com/ideas/essays/archives/000385.php}},
	Month = {February},
	Note = {[Online; Stand 18.03.2008]},
	Title = {Ajax: A New Approach to Web Applications},
	Url = {http://adaptivepath.com/ideas/essays/archives/000385.php},
	Year = {2005},
	Bdsk-Url-1 = {http://adaptivepath.com/ideas/essays/archives/000385.php}}

@inproceedings{wave-sigmod-05,
	Author = {Alin Deutsch and Monica Marcus and Liying Sui and Victor Vianu and Dayou Zhou},
	Bibsource = {DBLP, http://dblp.uni-trier.de},
	Booktitle = {SIGMOD Conference},
	Ee = {http://doi.acm.org/10.1145/1066157.1066219},
	Pages = {539-550},
	Title = {A Verifier for Interactive, Data-Driven Web Applications},
	Year = {2005}}

@misc{long-tail-joe-kraus-05,
	Author = {Joe Kraus},
	Howpublished = {\url{http://bnoopy.typepad.com/bnoopy/2005/03/the_long_tail_o.html}},
	Month = {March},
	Title = {The long tail of software. Millions of Markets of Dozens.},
	Url = {http://bnoopy.typepad.com/bnoopy/2005/03/the_long_tail_o.html},
	Year = {2005},
	Bdsk-Url-1 = {http://bnoopy.typepad.com/bnoopy/2005/03/the_long_tail_o.html}}

@inproceedings{xquery-mssql-vldb-05,
	Author = {Shankar Pal and Istvan Cseri and Oliver Seeliger and Michael Rys and Gideon Schaller and Wei Yu and Dragan Tomic and Adrian Baras and Brandon Berg and Denis Churin and Eugene Kogan},
	Bibsource = {DBLP, http://dblp.uni-trier.de},
	Booktitle = {VLDB},
	Ee = {http://www.vldb2005.org/program/paper/thu/p1175-pal.pdf},
	Pages = {1175-1186},
	Title = {XQuery Implementation in a Relational Database System},
	Year = {2005}}

@inbook{beyond-java,
	Author = {Tate, Bruce},
	Isbn = {0596100949},
	Pages = {120-124},
	Title = {Beyond Java},
	Year = {2005}}

@misc{some-numbers-at-last,
	Author = {Justin Gehtland},
	Note = {\url{http://thinkrelevance.com/blog/2005/04/04/some-numbers-at-last.html}},
	Title = {Some Numbers at Last},
	Year = {2005}}

@inproceedings{impedance-mismatch-odbms-05,
	Author = {William R. Cook and Ali H. Ibrahim},
	Booktitle = {In ODBMS.ORG, Expert Article},
	Title = {Integrating programming languages and databases: What is the problem},
	Year = {2005}}

@inproceedings{clide-sigmod-06,
	Author = {Michalis Petropoulos and Alin Deutsch and Yannis Papakonstantinou},
	Bibsource = {DBLP, http://dblp.uni-trier.de},
	Booktitle = {SIGMOD Conference},
	Ee = {http://doi.acm.org/10.1145/1142473.1142503},
	Pages = {253-264},
	Title = {Interactive query formulation over web service-accessed sources},
	Year = {2006}}

@article{vogels-interview-acm-queue-06,
	Address = {New York, NY, USA},
	Author = {O'Hanlon, Charlene},
	Doi = {http://doi.acm.org/10.1145/1142055.1142065},
	Issn = {1542-7730},
	Journal = {Queue},
	Number = {4},
	Pages = {14--22},
	Publisher = {ACM},
	Title = {A Conversation with Werner Vogels},
	Volume = {4},
	Year = {2006},
	Bdsk-Url-1 = {http://doi.acm.org/10.1145/1142055.1142065}}

@inproceedings{hilda-icde-06,
	Author = {Fan Yang and Jayavel Shanmugasundaram and Mirek Riedewald and Johannes Gehrke},
	Bibsource = {DBLP, http://dblp.uni-trier.de},
	Booktitle = {ICDE},
	Ee = {http://doi.ieeecomputersociety.org/10.1109/ICDE.2006.75},
	Pages = {32},
	Title = {Hilda: A High-Level Language for Data-DrivenWeb Applications},
	Year = {2006}}

@misc{financial-application-abandonment-compete-06,
	Author = {Compete, Inc},
	Note = {\url{http://www.competeinc.com/news_events/pressReleases/166/}},
	Title = {Financial Services Providers: Creating New Relationships Online},
	Year = {2006}}

@inproceedings{xquery-monetdb-sigmod-06,
	Author = {Peter A. Boncz and Torsten Grust and Maurice van Keulen and Stefan Manegold and Jan Rittinger and Jens Teubner},
	Bibsource = {DBLP, http://dblp.uni-trier.de},
	Booktitle = {SIGMOD Conference},
	Ee = {http://doi.acm.org/10.1145/1142473.1142527},
	Pages = {479-490},
	Title = {MonetDB/XQuery: a fast XQuery processor powered by a relational engine},
	Year = {2006}}

@inproceedings{linq-sigmod-06,
	Author = {Erik Meijer and Brian Beckman and Gavin M. Bierman},
	Bibsource = {DBLP, http://dblp.uni-trier.de},
	Booktitle = {SIGMOD Conference},
	Ee = {http://doi.acm.org/10.1145/1142473.1142552},
	Pages = {706},
	Title = {LINQ: reconciling object, relations and XML in the .NET framework},
	Year = {2006}}

@inproceedings{hilda-partitioning-www-07,
	Author = {Fan Yang and Nitin Gupta and Nicholas Gerner and Xin Qi and Alan J. Demers and Johannes Gehrke and Jayavel Shanmugasundaram},
	Bibsource = {DBLP, http://dblp.uni-trier.de},
	Booktitle = {WWW},
	Ee = {http://doi.acm.org/10.1145/1242572.1242619},
	Pages = {341-350},
	Title = {A unified platform for data driven web applications with automatic client-server partitioning},
	Year = {2007}}

@misc{xquery-spec-1.0-07,
	Author = {W3C},
	Note = {\url{http://www.w3.org/TR/xquery/}},
	Title = {XQuery 1.0: An XML Query Language},
	Year = {2007}}

@article{diy-wsj-07,
	Author = {Jeanette Borzo},
	Journal = {Wall Street Journal},
	Month = {September},
	Note = {\url{http://online.wsj.com/article/SB119023041951932741.html}},
	Title = {Do-It-Yourself Software},
	Year = 2007}

@techreport{bpms-revenue-forrester-07,
	Author = {Colin Teubner and Ken Vollmer},
	Institution = {Forrester Research},
	Note = {Archived at \url{http://db.ucsd.edu/app2you/2009-www/2007-forrester-bpms.pdf}},
	Title = {BPMS Revenue To Reach \$6.3 Billion By 2011},
	Year = 2007}

@inproceedings{webml-acer-icwe-07,
	Author = {Roberto Acerbis and Aldo Bongio and Marco Brambilla and Massimo Tisi and Stefano Ceri and Emanuele Tosetti},
	Bibsource = {DBLP, http://dblp.uni-trier.de},
	Booktitle = {ICWE},
	Ee = {http://dx.doi.org/10.1007/978-3-540-73597-7_51},
	Pages = {539-544},
	Title = {Developing eBusiness Solutions with a Model Driven Approach: The Case of Acer EMEA},
	Year = {2007}}

@inproceedings{ado-net-sigmod-07,
	Author = {Atul Adya and Jos{\'e} A. Blakeley and Sergey Melnik and S. Muralidhar},
	Bibsource = {DBLP, http://dblp.uni-trier.de},
	Booktitle = {SIGMOD Conference},
	Ee = {http://doi.acm.org/10.1145/1247480.1247580},
	Pages = {877-888},
	Title = {Anatomy of the ADO.NET entity framework},
	Year = {2007}}

@inproceedings{compile-mapping-sigmod-07,
	Author = {Sergey Melnik and Atul Adya and Philip A. Bernstein},
	Bibsource = {DBLP, http://dblp.uni-trier.de},
	Booktitle = {SIGMOD Conference},
	Ee = {http://doi.acm.org/10.1145/1247480.1247532},
	Pages = {461-472},
	Title = {Compiling mappings to bridge applications and databases},
	Year = {2007}}

@article{cao-tods-07,
	Author = {Bin Cao and Antonio Badia},
	Bibsource = {DBLP, http://dblp.uni-trier.de},
	Ee = {http://doi.acm.org/10.1145/1272743.1272748},
	Journal = {ACM Trans. Database Syst.},
	Number = {3},
	Pages = {18},
	Title = {SQL query optimization through nested relational algebra},
	Volume = {32},
	Year = {2007}}

@article{guravannavar-vldb-2008,
	Author = {Guravannavar, Ravindra and Sudarshan, S},
	Journal = {Proceedings of the VLDB Endowment},
	Number = {1},
	Pages = {1107--1123},
	Publisher = {VLDB Endowment},
	Title = {Rewriting procedures for batched bindings},
	Volume = {1},
	Year = {2008}}

@inproceedings{web-evolution-wse-2008,
	Author = {Stella, L.F.F. and Jarzabek, S. and Wadhwa, B.},
	Booktitle = {Web Site Evolution},
	Pages = {93 -99},
	Title = {A comparative study of maintainability of web applications on {J2EE}, .{NET} and {R}uby on {R}ails},
	Year = {2008}}

@article{appforge-vldb-08,
	Author = {Fan Yang and Nitin Gupta and Chavdar Botev and Elizabeth F. Churchill and George Levchenko and Jayavel Shanmugasundaram},
	Bibsource = {DBLP, http://dblp.uni-trier.de},
	Ee = {http://www.vldb.org/pvldb/1/1453879.pdf},
	Journal = {PVLDB},
	Number = {1},
	Pages = {163-175},
	Title = {WYSIWYG development of data driven web applications},
	Volume = {1},
	Year = {2008}}

@misc{techcrunch50-08,
	Key = {TechCrunch50 2008},
	Note = {\url{http://www.techcrunch50.com/2008/}},
	Title = {TechCrunch50 2008}}

@article{active-xml-vldbj-2008,
	Author = {Serge Abiteboul and Omar Benjelloun and Tova Milo},
	Bibsource = {DBLP, http://dblp.uni-trier.de},
	Ee = {http://dx.doi.org/10.1007/s00778-007-0049-y},
	Journal = {VLDB J.},
	Number = {5},
	Pages = {1019-1040},
	Title = {The Active XML project: an overview},
	Volume = {17},
	Year = {2008}}

@inproceedings{forward-cidr-09,
	Author = {Keith Kowalczykowski and Kian Win Ong and Kevin Keliang Zhao and Alin Deutsch and Yannis Papakonstantinou and Michalis Petropoulos},
	Bibsource = {DBLP, http://dblp.uni-trier.de},
	Booktitle = {CIDR},
	Ee = {http://www-db.cs.wisc.edu/cidr/cidr2009/Paper_108.pdf},
	Title = {Do-It-Yourself custom forms-driven workflow applications},
	Year = {2009}}

@article{gwt-acm-queue-09,
	Address = {New York, NY, USA},
	Author = {Johnson, Bruce},
	Doi = {http://doi.acm.org/10.1145/1563821.1572457},
	Issn = {1542-7730},
	Journal = {Queue},
	Number = {6},
	Pages = {30--37},
	Publisher = {ACM},
	Title = {Reveling in Constraints},
	Volume = {7},
	Year = {2009},
	Bdsk-Url-1 = {http://doi.acm.org/10.1145/1563821.1572457}}

@inproceedings{xquery-browser-www-09,
	Author = {Ghislain Fourny and Markus Pilman and Daniela Florescu and Donald Kossmann and Tim Kraska and Darin McBeath},
	Bibsource = {DBLP, http://dblp.uni-trier.de},
	Booktitle = {WWW},
	Ee = {http://doi.acm.org/10.1145/1526709.1526845},
	Pages = {1011-1020},
	Title = {XQuery in the browser},
	Year = {2009}}

@article{moerkotee-vldb-11,
	Author = {Guido Moerkotte and Thomas Neumann},
	Bibsource = {DBLP, http://dblp.uni-trier.de},
	Ee = {http://www.vldb.org/pvldb/vol4/p843-moerkotte.pdf},
	Journal = {PVLDB},
	Number = {11},
	Pages = {843-851},
	Title = {Accelerating Queries with Group-By and Join by Groupjoin},
	Volume = {4},
	Year = {2011}}

@misc{speed-matters-09,
	Author = {Communications Workers of America},
	Note = {\url{http://cwafiles.org/speedmatters/state_reports_2009/CWA_Report_on_Internet_Speeds_2009.pdf}},
	Title = {2009 Report on Internet Speeds in All 50 States},
	Year = {2009}}

@misc{minimizing-reflow-09,
	Author = {Lindsey Simon},
	Note = {\url{http://code.google.com/speed/articles/reflow.html}},
	Title = {Minimizing browser reflow},
	Year = {2009}}

@misc{html5-w3c-09,
	Author = {W3C},
	Note = {\url{http://www.w3.org/TR/html5/}},
	Title = {HTML 5 (Working Draft)},
	Year = {2009}}

@misc{xhr-w3c-09,
	Author = {W3C},
	Note = {\url{http://www.w3.org/TR/XMLHttpRequest/}},
	Title = {XMLHttpRequest (Working Draft)},
	Year = {2009}}

@misc{asp-dot-net-wikipedia-09,
	Author = {Wikipedia},
	Note = {Accessed Nov 04 2009. \url{http://en.wikipedia.org/w/index.php?title=ASP.NET&oldid=323456166}},
	Title = {ASP.NET},
	Year = {2009}}

@misc{coghead-wikipedia-09,
	Author = {Wikipedia},
	Note = {Accessed Jul 26 2010. \url{http://en.wikipedia.org/wiki/Coghead}},
	Title = {Coghead},
	Year = {2009}}

@inproceedings{ferry-sigmod-09,
	Author = {Torsten Grust and Manuel Mayr and Jan Rittinger and Tom Schreiber},
	Bibsource = {DBLP, http://dblp.uni-trier.de},
	Booktitle = {SIGMOD Conference},
	Ee = {http://doi.acm.org/10.1145/1559845.1559982},
	Pages = {1063-1066},
	Title = {FERRY: database-supported program execution},
	Year = {2009}}

@inproceedings{forward-sigmod-10,
	Author = {Yupeng Fu and Keith Kowalczykowski and Kian Win Ong and Yannis Papakonstantinou and Kevin Keliang Zhao},
	Bibsource = {DBLP, http://dblp.uni-trier.de},
	Booktitle = {SIGMOD Conference},
	Title = {Ajax-based Report Pages as Incrementally Rendered Views},
	Year = {2010}}

@misc{forward-sigmod-10-anonymous,
	Key = {Anonymous},
	Title = {Anonymized due to double-blind requirements}}

@misc{dabble-wikipedia-10,
	Author = {Wikipedia},
	Note = {Accessed Jul 26 2010. \url{http://en.wikipedia.org/wiki/Coghead}},
	Title = {Dabble},
	Year = {2010}}

@article{avalanche-vldb-10,
	Author = {Torsten Grust and Jan Rittinger and Tom Schreiber},
	Bibsource = {DBLP, http://dblp.uni-trier.de},
	Ee = {http://www.comp.nus.edu.sg/$\sim$vldb2010/proceedings/files/papers/R14.pdf},
	Journal = {PVLDB},
	Number = {1},
	Pages = {162-172},
	Title = {Avalanche-Safe LINQ Compilation},
	Volume = {3},
	Year = {2010}}

@inproceedings{grust2005purely,
	Author = {Grust, Torsten},
	Booktitle = {XIME-P},
	Title = {Purely Relational FLWORs.},
	Volume = {37},
	Year = {2005}}

@article{garcia2010extending,
	Author = {Garcia, Miguel and Izmaylova, Anastasia and Schupp, Sibylle},
	Journal = {Journal of Object Technology},
	Number = {4},
	Pages = {45--68},
	Title = {Extending Scala with Database Query Capability.},
	Volume = {9},
	Year = {2010}}

@inproceedings{forward-cidr-11,
	Author = {Yupeng Fu and Kian Win Ong and Yannis Papakonstantinou and Michalis Petropoulos},
	Bibsource = {DBLP, http://dblp.uni-trier.de},
	Booktitle = {CIDR},
	Ee = {http://www.cidrdb.org/cidr2011/Papers/CIDR11_Paper8.pdf},
	Pages = {69-78},
	Title = {The {SQL}-based all-declarative {FORWARD} web application development framework},
	Year = {2011}}

@misc{forward-cidr-11-anonymous,
	Key = {Anonymous},
	Title = {Anonymized due to double-blind requirements}}

@inproceedings{switch-icde-12,
	Author = {Torsten Grust and Manuel Mayr},
	Booktitle = {ICDE Conference},
	Title = {A Deep Embedding of Queries into {R}uby},
	Year = {2012}}

@article{statusquo-cidr-2013,
	Author = {Cheung, Alvin and Arden, Owen and Solar-Lezama, Samuel Madden Armando and Myers, Andrew C},
	Journal = {CIDR},
	Title = {StatusQuo: Making Familiar Abstractions Perform Using Program Analysis},
	Year = {2013}}

@inproceedings{forward-dbpl-13,
	Author = {Yupeng Fu and Kian Win Ong and Yannis Papakonstantinou},
	Bibsource = {DBLP, http://dblp.uni-trier.de},
	Booktitle = {DBPL},
	Title = {Declarative Ajax Web Applications through {SQL}++ on a Unified Application State},
	Year = {2013}}

@misc{forward-dbpl-13-anonymous,
	Key = {Anonymous},
	Title = {Anonymized due to double-blind requirements}}

@misc{template-engine-wikipedia-13,
	Author = {Wikipedia},
	Note = {Accessed Aug 16 2013. \url{http://en.wikipedia.org/w/index.php?title=Template_processor&oldid=567590946}},
	Title = {Template Processor},
	Year = {2013}}

@misc{backbase,
	Key = {Backbase Enterprise Ajax Framework},
	Note = {\url{http://www.backbase.com/products/enterprise-ajax/}},
	Title = {Backbase Enterprise Ajax Framework},
	Year = {2009}}

@misc{icefaces,
	Key = {ICEfaces},
	Note = {\url{http://www.icefaces.org/main/home/}},
	Title = {ICEfaces},
	Year = {2009}}

@misc{zk,
	Key = {ZK Direct RIA},
	Note = {\url{http://www.zkoss.org/}},
	Title = {ZK Direct RIA},
	Year = {2009}}

@misc{echo,
	Key = {Echo Web Framework},
	Note = {\url{http://echo.nextapp.com/site/}},
	Title = {Echo Web Framework},
	Year = {2009}}

@misc{yui,
	Key = {YUI Library},
	Note = {\url{http://developer.yahoo.com/yui/}},
	Title = {YUI Library},
	Year = {2009}}

@misc{gwt,
	Key = {Google Widget Toolkit},
	Note = {\url{http://code.google.com/webtoolkit/}},
	Title = {Google Widget Toolkit},
	Year = {2009}}

@misc{dojo,
	Key = {The Dojo Toolkit},
	Note = {\url{http://www.dojotoolkit.org/}},
	Title = {The Dojo Toolkit},
	Year = {2009}}

@misc{asp-dot-net,
	Key = {ASP.NET},
	Note = {\url{http://www.asp.net/}},
	Title = {ASP.NET}}

@misc{jsf,
	Key = {JavaServer Faces Technology (JSF)},
	Note = {\url{http://java.sun.com/javaee/javaserverfaces/}},
	Title = {JavaServer Faces Technology (JSF)},
	Year = {2009}}

@misc{google-maps,
	Key = {Google Maps API},
	Note = {\url{http://code.google.com/apis/maps/}},
	Title = {Google Maps API},
	Year = {2009}}

@misc{google-docs,
	Key = {Google Docs and Spreadsheet},
	Note = {\url{http://docs.google.com/}},
	Title = {Google Docs and Spreadsheet},
	Year = {2009}}

@misc{yahoo-finance,
	Key = {Yahoo! Finance},
	Note = {\url{http://finance.yahoo.com/}},
	Title = {Yahoo! Finance},
	Year = {2009}}

@misc{wufoo,
	Key = {Wufoo},
	Note = {\url{http://wufoo.com/}},
	Title = {Wufoo},
	Year = {2009}}

@misc{jstl,
	Key = {JavaServer Pages Standard Tag Library},
	Note = {\url{http://java.sun.com/products/jsp/jstl/}},
	Title = {JavaServer Pages Standard Tag Library},
	Year = {2010}}

@misc{java-servlet,
	Key = {Java Servlet Technology},
	Note = {\url{http://java.sun.com/products/servlet/}},
	Title = {Java Servlet Technology},
	Year = {2010}}

@misc{apache-tomcat,
	Key = {Apache Tomcat Servlet Container},
	Note = {\url{http://tomcat.apache.org/}},
	Title = {Apache Tomcat Servlet Container},
	Year = {2010}}

@misc{ruby-on-rails,
	Key = {Ruby on Rails},
	Note = {\url{http://rubyonrails.org/}},
	Title = {Ruby on Rails}}

@misc{rails-applications,
	Key = {Ruby on Rails},
	Note = {\url{http://rubyonrails.org/applications}},
	Title = {Rails Applications}}

@misc{ning,
	Key = {Ning},
	Note = {\url{http://www.ning.com/}},
	Title = {Ning}}

@misc{active-record,
	Key = {ActiveRecord},
	Note = {\url{guides.rubyonrails.org/active_record_querying.html}},
	Title = {ActiveRecord}}

@misc{jsp,
	Key = {JavaServer Pages Technology},
	Note = {\url{http://java.sun.com/products/jsp/}},
	Title = {JavaServer Pages Technology}}

@misc{deklarit,
	Key = {DeKlarit},
	Note = {\url{http://www.deklarit.com}},
	Title = {DeKlarit}}

@misc{oracle-application-express,
	Key = {Oracle Application Express},
	Note = {\url{http://www.oracle.com/technology/products/database/application_express/index.html}},
	Title = {Oracle Application Express}}

@misc{eunify,
	Key = {eUnify},
	Note = {\url{http://www.eunify.net/}},
	Title = {eUnify}}

@misc{quickbase,
	Key = {Intuit QuickBase},
	Note = {\url{http://quickbase.intuit.com/}},
	Title = {Intuit QuickBase}}

@misc{yahoo-pipes,
	Key = {Yahoo! Pipes},
	Note = {\url{http://pipes.yahoo.com/pipes/}},
	Title = {Yahoo! Pipes}}

@misc{ibm-mashup-center,
	Key = {IBM Mashup Center},
	Note = {\url{http://www-01.ibm.com/software/info/mashup-center/}},
	Title = {IBM Mashup Center}}

@misc{salesforce,
	Key = {Salesforce.com},
	Note = {\url{http://www.salesforce.com/}},
	Title = {Salesforce.com}}

@misc{longjump,
	Key = {LongJump},
	Note = {\url{http://longjump.com/}},
	Title = {LongJump}}

@misc{django,
	Key = {Django},
	Note = {\url{http://www.djangoproject.com/}},
	Title = {Django}}

@misc{cakephp,
	Key = {CakePHP},
	Note = {\url{http://cakephp.org/}},
	Title = {CakePHP}}

@misc{spring,
	Key = {Spring},
	Note = {\url{http://www.springsource.org/}},
	Title = {Spring}}

@misc{datamapper,
	Key = {DataMapper},
	Note = {\url{http://datamapper.org/}},
	Title = {DataMapper}}

@misc{ambition,
	Key = {Ambition},
	Note = {\url{http://defunkt.io/ambition/}},
	Title = {Ambition}}

@misc{Sequel,
	Key = {Sequel},
	Note = {\url{http://sequel.rubyforge.org/}},
	Title = {Sequel}}

@misc{tpch,
	Key = {TPC-H},
	Note = {\url{http://www.tpc.org/tpch/}},
	Title = {TPC-H Homepage}}

@misc{struts,
	Key = {Apache Struts},
	Note = {\url{http://struts.apache.org/}},
	Title = {Apache Struts}}

@misc{hibernate,
	Key = {Hibernate},
	Note = {\url{http://www.hibernate.org/}},
	Title = {Hibernate}}

@misc{linq-join,
	Key = {How to: Populate Object Collections from Multiple Sources (LINQ)},
	Note = {\url{http://msdn.microsoft.com/en-us/library/bb513866.aspx}},
	Title = {How to: Populate Object Collections from Multiple Sources (LINQ)}}

@misc{jsp-implicit-objects,
	Key = {JavaServer Pages Implicit Objects},
	Note = {\url{http://download.oracle.com/javaee/5/tutorial/doc/bnahq.html#bnaij}},
	Title = {JavaServer Pages Implicit Objects},
	Year = {2010}}

@article{bernstein1981query,
	Author = {Bernstein, Philip A and Goodman, Nathan and Wong, Eugene and Reeve, Christopher L and Rothnie Jr, James B},
	Journal = {ACM Transactions on Database Systems (TODS)},
	Number = {4},
	Pages = {602--625},
	Publisher = {ACM},
	Title = {Query processing in a system for distributed databases (SDD-1)},
	Volume = {6},
	Year = {1981}}

@article{valduriez1984join,
	Author = {Valduriez, Patrick and Gardarin, Georges},
	Journal = {ACM Transactions on Database Systems (TODS)},
	Number = {1},
	Pages = {133--161},
	Publisher = {ACM},
	Title = {Join and semijoin algorithms for a multiprocessor database machine},
	Volume = {9},
	Year = {1984}}
